<?xml version="1.0" encoding="utf-8" standalone="yes"?><Document xmlns:xsi="http://www.w3.org/2001/XMLSchema-instance" xmlns="urn:iso:std:iso:20022:tech:xsd:pain.008.001.02"><CstmrDrctDbtInitn><GrpHdr><MsgId>PRE2022100410023095812B66260076MPV9</MsgId><CreDtTm>2022-10-04T10:02:30</CreDtTm><NbOfTxs>30</NbOfTxs><CtrlSum>12661.85</CtrlSum><InitgPty><Nm>Suma Apoyo Empresarial S.L.</Nm><Id><OrgId><Othr><Id>ES51000B66260076</Id></Othr></OrgId></Id></InitgPty></GrpHdr><PmtInf><PmtInfId>2022100410023057807MPV9F0B66260076</PmtInfId><PmtMtd>DD</PmtMtd><BtchBookg>false</BtchBookg><PmtTpInf><SvcLvl><Cd>SEPA</Cd></SvcLvl><LclInstrm><Cd>CORE</Cd></LclInstrm><SeqTp>RCUR</SeqTp></PmtTpInf><ReqdColltnDt>2022-10-10</ReqdColltnDt><Cdtr><Nm>Suma Apoyo Empresarial S.L.</Nm><PstlAdr><Ctry>ES</Ctry><AdrLine>C/ Sant Marian 57 1º, 2ª TERRASSA 08221 BARCELONA</AdrLine></PstlAdr></Cdtr><CdtrAcct><Id><IBAN>ES5000810033000001666572</IBAN></Id></CdtrAcct><CdtrAgt><FinInstnId><BIC>BSABESBBXXX</BIC></FinInstnId></CdtrAgt><CdtrSchmeId><Id><PrvtId><Othr><Id>ES51000B66260076</Id><SchmeNm><Prtry>SEPA</Prtry></SchmeNm></Othr></PrvtId></Id></CdtrSchmeId><DrctDbtTxInf><PmtId><EndToEndId>B66260076MPV9F0IJ6K2T0000000537</EndToEndId></PmtId><InstdAmt Ccy="EUR">170.61</InstdAmt><DrctDbtTx><MndtRltdInf><MndtId>135</MndtId><DtOfSgntr>2022-10-01</DtOfSgntr></MndtRltdInf></DrctDbtTx><DbtrAgt><FinInstnId><BIC>BSABESBBXXX</BIC></FinInstnId></DbtrAgt><Dbtr><Nm>RAIS  ELNAYEF DENTISTS, S.L.P</Nm></Dbtr><DbtrAcct><Id><IBAN>ES1100810105100002160018</IBAN></Id></DbtrAcct><RmtInf><Ustrd>FRA.22/00485 SUMA</Ustrd></RmtInf></DrctDbtTxInf><DrctDbtTxInf><PmtId><EndToEndId>B66260076MPV9F0IJ6K2T0000000538</EndToEndId></PmtId><InstdAmt Ccy="EUR">423.50</InstdAmt><DrctDbtTx><MndtRltdInf><MndtId>133</MndtId><DtOfSgntr>2022-10-01</DtOfSgntr></MndtRltdInf></DrctDbtTx><DbtrAgt><FinInstnId><BIC>BSABESBBXXX</BIC></FinInstnId></DbtrAgt><Dbtr><Nm>RETAIL ADVENTURES, S.L.</Nm></Dbtr><DbtrAcct><Id><IBAN>ES1400810105110002156423</IBAN></Id></DbtrAcct><RmtInf><Ustrd>FRA.22/00486 SUMA</Ustrd></RmtInf></DrctDbtTxInf><DrctDbtTxInf><PmtId><EndToEndId>B66260076MPV9F0IJ6K2T0000000527</EndToEndId></PmtId><InstdAmt Ccy="EUR">705.47</InstdAmt><DrctDbtTx><MndtRltdInf><MndtId>100</MndtId><DtOfSgntr>2022-10-01</DtOfSgntr></MndtRltdInf></DrctDbtTx><DbtrAgt><FinInstnId><BIC>BSABESBBXXX</BIC></FinInstnId></DbtrAgt><Dbtr><Nm>FLOCH, S.L.</Nm></Dbtr><DbtrAcct><Id><IBAN>ES1800810050100001151223</IBAN></Id></DbtrAcct><RmtInf><Ustrd>FRA.22/00462 SUMA</Ustrd></RmtInf></DrctDbtTxInf><DrctDbtTxInf><PmtId><EndToEndId>B66260076MPV9F0IJ6K2T0000000534</EndToEndId></PmtId><InstdAmt Ccy="EUR">1785.40</InstdAmt><DrctDbtTx><MndtRltdInf><MndtId>7</MndtId><DtOfSgntr>2022-10-01</DtOfSgntr></MndtRltdInf></DrctDbtTx><DbtrAgt><FinInstnId><BIC>BKBKESMMXXX</BIC></FinInstnId></DbtrAgt><Dbtr><Nm>NAE COMUNICACIONS, S.L.</Nm></Dbtr><DbtrAcct><Id><IBAN>ES1901280511100500000606</IBAN></Id></DbtrAcct><RmtInf><Ustrd>FRA.22/00476 SUMA</Ustrd></RmtInf></DrctDbtTxInf><DrctDbtTxInf><PmtId><EndToEndId>B66260076MPV9F0IJ6K2T0000000515</EndToEndId></PmtId><InstdAmt Ccy="EUR">121.00</InstdAmt><DrctDbtTx><MndtRltdInf><MndtId>170</MndtId><DtOfSgntr>2022-10-01</DtOfSgntr></MndtRltdInf></DrctDbtTx><DbtrAgt><FinInstnId><BIC>CAIXESBBXXX</BIC></FinInstnId></DbtrAgt><Dbtr><Nm>ALMUDENA PEREZ HERNANDEZ</Nm></Dbtr><DbtrAcct><Id><IBAN>ES2221000378420101121026</IBAN></Id></DbtrAcct><RmtInf><Ustrd>FRA.22/00440 SUMA</Ustrd></RmtInf></DrctDbtTxInf><DrctDbtTxInf><PmtId><EndToEndId>B66260076MPV9F0IJ6K2T0000000519</EndToEndId></PmtId><InstdAmt Ccy="EUR">170.61</InstdAmt><DrctDbtTx><MndtRltdInf><MndtId>155</MndtId><DtOfSgntr>2022-10-01</DtOfSgntr></MndtRltdInf></DrctDbtTx><DbtrAgt><FinInstnId><BIC>BSCHESMMXXX</BIC></FinInstnId></DbtrAgt><Dbtr><Nm>BASEL ELNAYEF ELSAKAN</Nm></Dbtr><DbtrAcct><Id><IBAN>ES2600493444802114210584</IBAN></Id></DbtrAcct><RmtInf><Ustrd>FRA.22/00447 SUMA</Ustrd></RmtInf></DrctDbtTxInf><DrctDbtTxInf><PmtId><EndToEndId>B66260076MPV9F0IJ6K2T0000000539</EndToEndId></PmtId><InstdAmt Ccy="EUR">406.19</InstdAmt><DrctDbtTx><MndtRltdInf><MndtId>150</MndtId><DtOfSgntr>2022-10-01</DtOfSgntr></MndtRltdInf></DrctDbtTx><DbtrAgt><FinInstnId><BIC>BSABESBBXXX</BIC></FinInstnId></DbtrAgt><Dbtr><Nm>RUR SISTEMA S.L.</Nm></Dbtr><DbtrAcct><Id><IBAN>ES2800810033050001574864</IBAN></Id></DbtrAcct><RmtInf><Ustrd>FRA.22/00487 SUMA</Ustrd></RmtInf></DrctDbtTxInf><DrctDbtTxInf><PmtId><EndToEndId>B66260076MPV9F0IJ6K2T0000000529</EndToEndId></PmtId><InstdAmt Ccy="EUR">102.85</InstdAmt><DrctDbtTx><MndtRltdInf><MndtId>2290</MndtId><DtOfSgntr>2022-10-01</DtOfSgntr></MndtRltdInf></DrctDbtTx><DbtrAgt><FinInstnId><BIC>BSABESBBXXX</BIC></FinInstnId></DbtrAgt><Dbtr><Nm>GOOSEBAY BARCELONA PARTNERS SL</Nm></Dbtr><DbtrAcct><Id><IBAN>ES3900810063250002220728</IBAN></Id></DbtrAcct><RmtInf><Ustrd>FRA.22/00467 SUMA</Ustrd></RmtInf></DrctDbtTxInf><DrctDbtTxInf><PmtId><EndToEndId>B66260076MPV9F0IJ6K2T0000000524</EndToEndId></PmtId><InstdAmt Ccy="EUR">83.19</InstdAmt><DrctDbtTx><MndtRltdInf><MndtId>154</MndtId><DtOfSgntr>2022-10-01</DtOfSgntr></MndtRltdInf></DrctDbtTx><DbtrAgt><FinInstnId><BIC>BKBKESMMXXX</BIC></FinInstnId></DbtrAgt><Dbtr><Nm>DOLORS CELDRAN GONZALEZ</Nm></Dbtr><DbtrAcct><Id><IBAN>ES3901280532060100053842</IBAN></Id></DbtrAcct><RmtInf><Ustrd>FRA.22/00458 SUMA</Ustrd></RmtInf></DrctDbtTxInf><DrctDbtTxInf><PmtId><EndToEndId>B66260076MPV9F0IJ6K2T0000000531</EndToEndId></PmtId><InstdAmt Ccy="EUR">187.55</InstdAmt><DrctDbtTx><MndtRltdInf><MndtId>20</MndtId><DtOfSgntr>2022-10-01</DtOfSgntr></MndtRltdInf></DrctDbtTx><DbtrAgt><FinInstnId><BIC>CCRIES2A082</BIC></FinInstnId></DbtrAgt><Dbtr><Nm>ISAAC RODRIGUEZ RUIZ</Nm></Dbtr><DbtrAcct><Id><IBAN>ES4030821039114818011217</IBAN></Id></DbtrAcct><RmtInf><Ustrd>FRA.22/00470 SUMA</Ustrd></RmtInf></DrctDbtTxInf><DrctDbtTxInf><PmtId><EndToEndId>B66260076MPV9F0IJ6K2T0000000523</EndToEndId></PmtId><InstdAmt Ccy="EUR">205.70</InstdAmt><DrctDbtTx><MndtRltdInf><MndtId>78</MndtId><DtOfSgntr>2022-10-01</DtOfSgntr></MndtRltdInf></DrctDbtTx><DbtrAgt><FinInstnId><BIC>CCRIES2A082</BIC></FinInstnId></DbtrAgt><Dbtr><Nm>DANIEL RODRIGUEZ RUIZ</Nm></Dbtr><DbtrAcct><Id><IBAN>ES4430821039125658117717</IBAN></Id></DbtrAcct><RmtInf><Ustrd>FRA.22/00457 SUMA</Ustrd></RmtInf></DrctDbtTxInf><DrctDbtTxInf><PmtId><EndToEndId>B66260076MPV9F0IJ6K2T0000000518</EndToEndId></PmtId><InstdAmt Ccy="EUR">367.84</InstdAmt><DrctDbtTx><MndtRltdInf><MndtId>2412</MndtId><DtOfSgntr>2022-10-01</DtOfSgntr></MndtRltdInf></DrctDbtTx><DbtrAgt><FinInstnId><BIC>BSABESBBXXX</BIC></FinInstnId></DbtrAgt><Dbtr><Nm>APANEMI INVEST SL</Nm></Dbtr><DbtrAcct><Id><IBAN>ES4600815136760001885398</IBAN></Id></DbtrAcct><RmtInf><Ustrd>FRA.22/00444 SUMA</Ustrd></RmtInf></DrctDbtTxInf><DrctDbtTxInf><PmtId><EndToEndId>B66260076MPV9F0IJ6K2T0000000522</EndToEndId></PmtId><InstdAmt Ccy="EUR">488.06</InstdAmt><DrctDbtTx><MndtRltdInf><MndtId>17</MndtId><DtOfSgntr>2022-10-01</DtOfSgntr></MndtRltdInf></DrctDbtTx><DbtrAgt><FinInstnId><BIC>CCRIES2A082</BIC></FinInstnId></DbtrAgt><Dbtr><Nm>CINTORA REPRESENTACIONES, S.L.</Nm></Dbtr><DbtrAcct><Id><IBAN>ES4730821039114680117928</IBAN></Id></DbtrAcct><RmtInf><Ustrd>FRA.22/00456 SUMA</Ustrd></RmtInf></DrctDbtTxInf><DrctDbtTxInf><PmtId><EndToEndId>B66260076MPV9F0IJ6K2T0000000528</EndToEndId></PmtId><InstdAmt Ccy="EUR">732.70</InstdAmt><DrctDbtTx><MndtRltdInf><MndtId>74</MndtId><DtOfSgntr>2022-10-01</DtOfSgntr></MndtRltdInf></DrctDbtTx><DbtrAgt><FinInstnId><BIC>BSABESBBXXX</BIC></FinInstnId></DbtrAgt><Dbtr><Nm>FOOTBALL  RETAIL EXPERIENCES, S.L.</Nm></Dbtr><DbtrAcct><Id><IBAN>ES5100810088150002742776</IBAN></Id></DbtrAcct><RmtInf><Ustrd>FRA.22/00463 SUMA</Ustrd></RmtInf></DrctDbtTxInf><DrctDbtTxInf><PmtId><EndToEndId>B66260076MPV9F0IJ6K2T0000000525</EndToEndId></PmtId><InstdAmt Ccy="EUR">179.08</InstdAmt><DrctDbtTx><MndtRltdInf><MndtId>27</MndtId><DtOfSgntr>2022-10-01</DtOfSgntr></MndtRltdInf></DrctDbtTx><DbtrAgt><FinInstnId><BIC>CAIXESBBXXX</BIC></FinInstnId></DbtrAgt><Dbtr><Nm>ERIC JACOB  HIENSCH</Nm></Dbtr><DbtrAcct><Id><IBAN>ES5321003466792200095956</IBAN></Id></DbtrAcct><RmtInf><Ustrd>FRA.22/00459 SUMA</Ustrd></RmtInf></DrctDbtTxInf><DrctDbtTxInf><PmtId><EndToEndId>B66260076MPV9F0IJ6K2T0000000513</EndToEndId></PmtId><InstdAmt Ccy="EUR">539.66</InstdAmt><DrctDbtTx><MndtRltdInf><MndtId>138</MndtId><DtOfSgntr>2022-10-01</DtOfSgntr></MndtRltdInf></DrctDbtTx><DbtrAgt><FinInstnId><BIC>CAIXESBBXXX</BIC></FinInstnId></DbtrAgt><Dbtr><Nm>ALEKTUM RECOBRO, S.L.</Nm></Dbtr><DbtrAcct><Id><IBAN>ES5721000194350200285085</IBAN></Id></DbtrAcct><RmtInf><Ustrd>FRA.22/00438 SUMA</Ustrd></RmtInf></DrctDbtTxInf><DrctDbtTxInf><PmtId><EndToEndId>B66260076MPV9F0IJ6K2T0000000532</EndToEndId></PmtId><InstdAmt Ccy="EUR">229.90</InstdAmt><DrctDbtTx><MndtRltdInf><MndtId>168</MndtId><DtOfSgntr>2022-10-01</DtOfSgntr></MndtRltdInf></DrctDbtTx><DbtrAgt><FinInstnId><BIC>CAIXESBBXXX</BIC></FinInstnId></DbtrAgt><Dbtr><Nm>JOAN CORTES MAYANS</Nm></Dbtr><DbtrAcct><Id><IBAN>ES6121000709250200405059</IBAN></Id></DbtrAcct><RmtInf><Ustrd>FRA.22/00472 SUMA</Ustrd></RmtInf></DrctDbtTxInf><DrctDbtTxInf><PmtId><EndToEndId>B66260076MPV9F0IJ6K2T0000000526</EndToEndId></PmtId><InstdAmt Ccy="EUR">405.16</InstdAmt><DrctDbtTx><MndtRltdInf><MndtId>19</MndtId><DtOfSgntr>2022-10-01</DtOfSgntr></MndtRltdInf></DrctDbtTx><DbtrAgt><FinInstnId><BIC>CAIXESBBXXX</BIC></FinInstnId></DbtrAgt><Dbtr><Nm>ESTUDIVEN, S.L.</Nm></Dbtr><DbtrAcct><Id><IBAN>ES7121000811710201313593</IBAN></Id></DbtrAcct><RmtInf><Ustrd>FRA.22/00461 SUMA</Ustrd></RmtInf></DrctDbtTxInf><DrctDbtTxInf><PmtId><EndToEndId>B66260076MPV9F0IJ6K2T0000000514</EndToEndId></PmtId><InstdAmt Ccy="EUR">494.89</InstdAmt><DrctDbtTx><MndtRltdInf><MndtId>185</MndtId><DtOfSgntr>2022-10-01</DtOfSgntr></MndtRltdInf></DrctDbtTx><DbtrAgt><FinInstnId><BIC>BSABESBBXXX</BIC></FinInstnId></DbtrAgt><Dbtr><Nm>ALICIA RAIS SZERMAN</Nm></Dbtr><DbtrAcct><Id><IBAN>ES7400810105110001930303</IBAN></Id></DbtrAcct><RmtInf><Ustrd>FRA.22/00439 SUMA</Ustrd></RmtInf></DrctDbtTxInf><DrctDbtTxInf><PmtId><EndToEndId>B66260076MPV9F0IJ6K2T0000000517</EndToEndId></PmtId><InstdAmt Ccy="EUR">538.03</InstdAmt><DrctDbtTx><MndtRltdInf><MndtId>31</MndtId><DtOfSgntr>2022-10-01</DtOfSgntr></MndtRltdInf></DrctDbtTx><DbtrAgt><FinInstnId><BIC>BBVAESMMXXX</BIC></FinInstnId></DbtrAgt><Dbtr><Nm>AMIDO 2009 S.L.</Nm></Dbtr><DbtrAcct><Id><IBAN>ES7401825930240201567002</IBAN></Id></DbtrAcct><RmtInf><Ustrd>FRA.22/00442 SUMA</Ustrd></RmtInf></DrctDbtTxInf><DrctDbtTxInf><PmtId><EndToEndId>B66260076MPV9F0IJ6K2T0000000540</EndToEndId></PmtId><InstdAmt Ccy="EUR">193.60</InstdAmt><DrctDbtTx><MndtRltdInf><MndtId>122</MndtId><DtOfSgntr>2022-10-01</DtOfSgntr></MndtRltdInf></DrctDbtTx><DbtrAgt><FinInstnId><BIC>BSABESBBXXX</BIC></FinInstnId></DbtrAgt><Dbtr><Nm>VITAMINA, S.L.</Nm></Dbtr><DbtrAcct><Id><IBAN>ES7500810105180001364238</IBAN></Id></DbtrAcct><RmtInf><Ustrd>FRA.22/00491 SUMA</Ustrd></RmtInf></DrctDbtTxInf><DrctDbtTxInf><PmtId><EndToEndId>B66260076MPV9F0IJ6K2T0000000533</EndToEndId></PmtId><InstdAmt Ccy="EUR">1880.26</InstdAmt><DrctDbtTx><MndtRltdInf><MndtId>10</MndtId><DtOfSgntr>2022-10-01</DtOfSgntr></MndtRltdInf></DrctDbtTx><DbtrAgt><FinInstnId><BIC>BSABESBBXXX</BIC></FinInstnId></DbtrAgt><Dbtr><Nm>LEWIS  CARROLL, S.L.</Nm></Dbtr><DbtrAcct><Id><IBAN>ES7900810066630001337042</IBAN></Id></DbtrAcct><RmtInf><Ustrd>FRA.22/00474 SUMA</Ustrd></RmtInf></DrctDbtTxInf><DrctDbtTxInf><PmtId><EndToEndId>B66260076MPV9F0IJ6K2T0000000512</EndToEndId></PmtId><InstdAmt Ccy="EUR">320.65</InstdAmt><DrctDbtTx><MndtRltdInf><MndtId>2233</MndtId><DtOfSgntr>2022-10-01</DtOfSgntr></MndtRltdInf></DrctDbtTx><DbtrAgt><FinInstnId><BIC>INGDESMMXXX</BIC></FinInstnId></DbtrAgt><Dbtr><Nm>AGUSTIN BATIZ</Nm></Dbtr><DbtrAcct><Id><IBAN>ES8214650100921702928468</IBAN></Id></DbtrAcct><RmtInf><Ustrd>FRA.22/00437 SUMA</Ustrd></RmtInf></DrctDbtTxInf><DrctDbtTxInf><PmtId><EndToEndId>B66260076MPV9F0IJ6K2T0000000521</EndToEndId></PmtId><InstdAmt Ccy="EUR">320.65</InstdAmt><DrctDbtTx><MndtRltdInf><MndtId>121</MndtId><DtOfSgntr>2022-10-01</DtOfSgntr></MndtRltdInf></DrctDbtTx><DbtrAgt><FinInstnId><BIC>BSCHESMMXXX</BIC></FinInstnId></DbtrAgt><Dbtr><Nm>CASE ON IT, S.L.</Nm></Dbtr><DbtrAcct><Id><IBAN>ES8400491819152711059800</IBAN></Id></DbtrAcct><RmtInf><Ustrd>FRA.22/00454 SUMA</Ustrd></RmtInf></DrctDbtTxInf><DrctDbtTxInf><PmtId><EndToEndId>B66260076MPV9F0IJ6K2T0000000535</EndToEndId></PmtId><InstdAmt Ccy="EUR">42.35</InstdAmt><DrctDbtTx><MndtRltdInf><MndtId>2415</MndtId><DtOfSgntr>2022-10-01</DtOfSgntr></MndtRltdInf></DrctDbtTx><DbtrAgt><FinInstnId><BIC>BBVAESMMXXX</BIC></FinInstnId></DbtrAgt><Dbtr><Nm>OLGA ALVAREZ QUIROGA</Nm></Dbtr><DbtrAcct><Id><IBAN>ES8701820369410208516615</IBAN></Id></DbtrAcct><RmtInf><Ustrd>FRA.22/00479 SUMA</Ustrd></RmtInf></DrctDbtTxInf><DrctDbtTxInf><PmtId><EndToEndId>B66260076MPV9F0IJ6K2T0000000530</EndToEndId></PmtId><InstdAmt Ccy="EUR">302.50</InstdAmt><DrctDbtTx><MndtRltdInf><MndtId>2332</MndtId><DtOfSgntr>2022-10-01</DtOfSgntr></MndtRltdInf></DrctDbtTx><DbtrAgt><FinInstnId><BIC>CAZRES2ZXXX</BIC></FinInstnId></DbtrAgt><Dbtr><Nm>INSTITUTO DE ESTETICA AVANZADA IGU</Nm></Dbtr><DbtrAcct><Id><IBAN>ES9120858231100330228528</IBAN></Id></DbtrAcct><RmtInf><Ustrd>FRA.22/00469 SUMA</Ustrd></RmtInf></DrctDbtTxInf><DrctDbtTxInf><PmtId><EndToEndId>B66260076MPV9F0IJ6K2T0000000536</EndToEndId></PmtId><InstdAmt Ccy="EUR">363.00</InstdAmt><DrctDbtTx><MndtRltdInf><MndtId>145</MndtId><DtOfSgntr>2022-10-01</DtOfSgntr></MndtRltdInf></DrctDbtTx><DbtrAgt><FinInstnId><BIC>CAIXESBBXXX</BIC></FinInstnId></DbtrAgt><Dbtr><Nm>PASIFAE ECOTECH SL</Nm></Dbtr><DbtrAcct><Id><IBAN>ES9221000983000200107622</IBAN></Id></DbtrAcct><RmtInf><Ustrd>FRA.22/00480 SUMA</Ustrd></RmtInf></DrctDbtTxInf><DrctDbtTxInf><PmtId><EndToEndId>B66260076MPV9F0IJ6K2T0000000511</EndToEndId></PmtId><InstdAmt Ccy="EUR">314.60</InstdAmt><DrctDbtTx><MndtRltdInf><MndtId>49</MndtId><DtOfSgntr>2022-10-01</DtOfSgntr></MndtRltdInf></DrctDbtTx><DbtrAgt><FinInstnId><BIC>BSCHESMMXXX</BIC></FinInstnId></DbtrAgt><Dbtr><Nm>ACTUALIS,S.L.</Nm></Dbtr><DbtrAcct><Id><IBAN>ES9600494701832016048869</IBAN></Id></DbtrAcct><RmtInf><Ustrd>FRA.22/00436 SUMA</Ustrd></RmtInf></DrctDbtTxInf><DrctDbtTxInf><PmtId><EndToEndId>B66260076MPV9F0IJ6K2T0000000520</EndToEndId></PmtId><InstdAmt Ccy="EUR">229.90</InstdAmt><DrctDbtTx><MndtRltdInf><MndtId>129</MndtId><DtOfSgntr>2022-10-01</DtOfSgntr></MndtRltdInf></DrctDbtTx><DbtrAgt><FinInstnId><BIC>CAIXESBBXXX</BIC></FinInstnId></DbtrAgt><Dbtr><Nm>BEE  BUTTERFLY CONSULTING, S.L.</Nm></Dbtr><DbtrAcct><Id><IBAN>ES9621000709210200484456</IBAN></Id></DbtrAcct><RmtInf><Ustrd>FRA.22/00448 SUMA</Ustrd></RmtInf></DrctDbtTxInf><DrctDbtTxInf><PmtId><EndToEndId>B66260076MPV9F0IJ6K2T0000000516</EndToEndId></PmtId><InstdAmt Ccy="EUR">356.95</InstdAmt><DrctDbtTx><MndtRltdInf><MndtId>92</MndtId><DtOfSgntr>2022-10-01</DtOfSgntr></MndtRltdInf></DrctDbtTx><DbtrAgt><FinInstnId><BIC>CAIXESBBXXX</BIC></FinInstnId></DbtrAgt><Dbtr><Nm>ALPIFY SOFTWARE, S.L.U.</Nm></Dbtr><DbtrAcct><Id><IBAN>ES9721001154660200090898</IBAN></Id></DbtrAcct><RmtInf><Ustrd>FRA.22/00441 SUMA</Ustrd></RmtInf></DrctDbtTxInf></PmtInf></CstmrDrctDbtInitn></Document>