<?xml version="1.0" encoding="utf-8" standalone="yes"?><Document xmlns:xsi="http://www.w3.org/2001/XMLSchema-instance" xmlns="urn:iso:std:iso:20022:tech:xsd:pain.008.001.02"><CstmrDrctDbtInitn><GrpHdr><MsgId>PRE2022120112432184353B66260076MPV9</MsgId><CreDtTm>2022-12-01T12:43:21</CreDtTm><NbOfTxs>27</NbOfTxs><CtrlSum>14244.22</CtrlSum><InitgPty><Nm>Suma Apoyo Empresarial S.L.</Nm><Id><OrgId><Othr><Id>ES51000B66260076</Id></Othr></OrgId></Id></InitgPty></GrpHdr><PmtInf><PmtInfId>2022120112432152374MPV9F0B66260076</PmtInfId><PmtMtd>DD</PmtMtd><BtchBookg>false</BtchBookg><PmtTpInf><SvcLvl><Cd>SEPA</Cd></SvcLvl><LclInstrm><Cd>CORE</Cd></LclInstrm><SeqTp>RCUR</SeqTp></PmtTpInf><ReqdColltnDt>2022-12-10</ReqdColltnDt><Cdtr><Nm>Suma Apoyo Empresarial S.L.</Nm><PstlAdr><Ctry>ES</Ctry><AdrLine>C/ Sant Marian 57 1º, 2ª TERRASSA 08221 BARCELONA</AdrLine></PstlAdr></Cdtr><CdtrAcct><Id><IBAN>ES5000810033000001666572</IBAN></Id></CdtrAcct><CdtrAgt><FinInstnId><BIC>BSABESBBXXX</BIC></FinInstnId></CdtrAgt><CdtrSchmeId><Id><PrvtId><Othr><Id>ES51000B66260076</Id><SchmeNm><Prtry>SEPA</Prtry></SchmeNm></Othr></PrvtId></Id></CdtrSchmeId><DrctDbtTxInf><PmtId><EndToEndId>B66260076MPV9F0IJ6K2T0000000601</EndToEndId></PmtId><InstdAmt Ccy="EUR">508.20</InstdAmt><DrctDbtTx><MndtRltdInf><MndtId>2440</MndtId><DtOfSgntr>2022-12-01</DtOfSgntr></MndtRltdInf></DrctDbtTx><DbtrAgt><FinInstnId><BIC>CAIXESBBXXX</BIC></FinInstnId></DbtrAgt><Dbtr><Nm>ESTUDIO LABORALISTA MCT, S.L.</Nm></Dbtr><DbtrAcct><Id><IBAN>ES0921001073200200165037</IBAN></Id></DbtrAcct><RmtInf><Ustrd>FRA.22/00554 SUMA</Ustrd></RmtInf></DrctDbtTxInf><DrctDbtTxInf><PmtId><EndToEndId>B66260076MPV9F0IJ6K2T0000000600</EndToEndId></PmtId><InstdAmt Ccy="EUR">508.20</InstdAmt><DrctDbtTx><MndtRltdInf><MndtId>2440</MndtId><DtOfSgntr>2022-11-23</DtOfSgntr></MndtRltdInf></DrctDbtTx><DbtrAgt><FinInstnId><BIC>CAIXESBBXXX</BIC></FinInstnId></DbtrAgt><Dbtr><Nm>ESTUDIO LABORALISTA MCT, S.L.</Nm></Dbtr><DbtrAcct><Id><IBAN>ES0921001073200200165037</IBAN></Id></DbtrAcct><RmtInf><Ustrd>FRA.22/00532 SUMA</Ustrd></RmtInf></DrctDbtTxInf><DrctDbtTxInf><PmtId><EndToEndId>B66260076MPV9F0IJ6K2T0000000612</EndToEndId></PmtId><InstdAmt Ccy="EUR">170.61</InstdAmt><DrctDbtTx><MndtRltdInf><MndtId>135</MndtId><DtOfSgntr>2022-12-01</DtOfSgntr></MndtRltdInf></DrctDbtTx><DbtrAgt><FinInstnId><BIC>BSABESBBXXX</BIC></FinInstnId></DbtrAgt><Dbtr><Nm>RAIS  ELNAYEF DENTISTS, S.L.P</Nm></Dbtr><DbtrAcct><Id><IBAN>ES1100810105100002160018</IBAN></Id></DbtrAcct><RmtInf><Ustrd>FRA.22/00572 SUMA</Ustrd></RmtInf></DrctDbtTxInf><DrctDbtTxInf><PmtId><EndToEndId>B66260076MPV9F0IJ6K2T0000000613</EndToEndId></PmtId><InstdAmt Ccy="EUR">423.50</InstdAmt><DrctDbtTx><MndtRltdInf><MndtId>133</MndtId><DtOfSgntr>2022-12-01</DtOfSgntr></MndtRltdInf></DrctDbtTx><DbtrAgt><FinInstnId><BIC>BSABESBBXXX</BIC></FinInstnId></DbtrAgt><Dbtr><Nm>RETAIL ADVENTURES, S.L.</Nm></Dbtr><DbtrAcct><Id><IBAN>ES1400810105110002156423</IBAN></Id></DbtrAcct><RmtInf><Ustrd>FRA.22/00573 SUMA</Ustrd></RmtInf></DrctDbtTxInf><DrctDbtTxInf><PmtId><EndToEndId>B66260076MPV9F0IJ6K2T0000000594</EndToEndId></PmtId><InstdAmt Ccy="EUR">811.60</InstdAmt><DrctDbtTx><MndtRltdInf><MndtId>2439</MndtId><DtOfSgntr>2022-12-01</DtOfSgntr></MndtRltdInf></DrctDbtTx><DbtrAgt><FinInstnId><BIC>BSCHESMMXXX</BIC></FinInstnId></DbtrAgt><Dbtr><Nm>ARPEL TRADE S.L.U.</Nm></Dbtr><DbtrAcct><Id><IBAN>ES1500496077432416138751</IBAN></Id></DbtrAcct><RmtInf><Ustrd>FRA.22/00542 SUMA</Ustrd></RmtInf></DrctDbtTxInf><DrctDbtTxInf><PmtId><EndToEndId>B66260076MPV9F0IJ6K2T0000000602</EndToEndId></PmtId><InstdAmt Ccy="EUR">698.77</InstdAmt><DrctDbtTx><MndtRltdInf><MndtId>100</MndtId><DtOfSgntr>2022-12-01</DtOfSgntr></MndtRltdInf></DrctDbtTx><DbtrAgt><FinInstnId><BIC>BSABESBBXXX</BIC></FinInstnId></DbtrAgt><Dbtr><Nm>FLOCH, S.L.</Nm></Dbtr><DbtrAcct><Id><IBAN>ES1800810050100001151223</IBAN></Id></DbtrAcct><RmtInf><Ustrd>FRA.22/00555 SUMA</Ustrd></RmtInf></DrctDbtTxInf><DrctDbtTxInf><PmtId><EndToEndId>B66260076MPV9F0IJ6K2T0000000609</EndToEndId></PmtId><InstdAmt Ccy="EUR">570.78</InstdAmt><DrctDbtTx><MndtRltdInf><MndtId>7</MndtId><DtOfSgntr>2022-12-01</DtOfSgntr></MndtRltdInf></DrctDbtTx><DbtrAgt><FinInstnId><BIC>BKBKESMMXXX</BIC></FinInstnId></DbtrAgt><Dbtr><Nm>NAE COMUNICACIONS, S.L.</Nm></Dbtr><DbtrAcct><Id><IBAN>ES1901280511100500000606</IBAN></Id></DbtrAcct><RmtInf><Ustrd>FRA.22/00566 SUMA</Ustrd></RmtInf></DrctDbtTxInf><DrctDbtTxInf><PmtId><EndToEndId>B66260076MPV9F0IJ6K2T0000000595</EndToEndId></PmtId><InstdAmt Ccy="EUR">170.61</InstdAmt><DrctDbtTx><MndtRltdInf><MndtId>155</MndtId><DtOfSgntr>2022-12-01</DtOfSgntr></MndtRltdInf></DrctDbtTx><DbtrAgt><FinInstnId><BIC>BSCHESMMXXX</BIC></FinInstnId></DbtrAgt><Dbtr><Nm>BASEL ELNAYEF ELSAKAN</Nm></Dbtr><DbtrAcct><Id><IBAN>ES2600493444802114210584</IBAN></Id></DbtrAcct><RmtInf><Ustrd>FRA.22/00543 SUMA</Ustrd></RmtInf></DrctDbtTxInf><DrctDbtTxInf><PmtId><EndToEndId>B66260076MPV9F0IJ6K2T0000000614</EndToEndId></PmtId><InstdAmt Ccy="EUR">707.85</InstdAmt><DrctDbtTx><MndtRltdInf><MndtId>150</MndtId><DtOfSgntr>2022-12-01</DtOfSgntr></MndtRltdInf></DrctDbtTx><DbtrAgt><FinInstnId><BIC>BSABESBBXXX</BIC></FinInstnId></DbtrAgt><Dbtr><Nm>RUR SISTEMA S.L.</Nm></Dbtr><DbtrAcct><Id><IBAN>ES2800810033050001574864</IBAN></Id></DbtrAcct><RmtInf><Ustrd>FRA.22/00574 SUMA</Ustrd></RmtInf></DrctDbtTxInf><DrctDbtTxInf><PmtId><EndToEndId>B66260076MPV9F0IJ6K2T0000000599</EndToEndId></PmtId><InstdAmt Ccy="EUR">532.40</InstdAmt><DrctDbtTx><MndtRltdInf><MndtId>2227</MndtId><DtOfSgntr>2022-12-01</DtOfSgntr></MndtRltdInf></DrctDbtTx><DbtrAgt><FinInstnId><BIC>BSABESBBXXX</BIC></FinInstnId></DbtrAgt><Dbtr><Nm>ESSIG PLM BARCELONA S.L.</Nm></Dbtr><DbtrAcct><Id><IBAN>ES3400810012160002029712</IBAN></Id></DbtrAcct><RmtInf><Ustrd>FRA.22/00553 SUMA</Ustrd></RmtInf></DrctDbtTxInf><DrctDbtTxInf><PmtId><EndToEndId>B66260076MPV9F0IJ6K2T0000000615</EndToEndId></PmtId><InstdAmt Ccy="EUR">857.74</InstdAmt><DrctDbtTx><MndtRltdInf><MndtId>2311</MndtId><DtOfSgntr>2022-12-01</DtOfSgntr></MndtRltdInf></DrctDbtTx><DbtrAgt><FinInstnId><BIC>BSABESBBXXX</BIC></FinInstnId></DbtrAgt><Dbtr><Nm>SUNSHINE BLUE HILL ESTATES SL</Nm></Dbtr><DbtrAcct><Id><IBAN>ES3600810063240002230531</IBAN></Id></DbtrAcct><RmtInf><Ustrd>FRA.22/00576 SUMA</Ustrd></RmtInf></DrctDbtTxInf><DrctDbtTxInf><PmtId><EndToEndId>B66260076MPV9F0IJ6K2T0000000605</EndToEndId></PmtId><InstdAmt Ccy="EUR">363.00</InstdAmt><DrctDbtTx><MndtRltdInf><MndtId>2290</MndtId><DtOfSgntr>2022-12-01</DtOfSgntr></MndtRltdInf></DrctDbtTx><DbtrAgt><FinInstnId><BIC>BSABESBBXXX</BIC></FinInstnId></DbtrAgt><Dbtr><Nm>GOOSEBAY BARCELONA PARTNERS SL</Nm></Dbtr><DbtrAcct><Id><IBAN>ES3900810063250002220728</IBAN></Id></DbtrAcct><RmtInf><Ustrd>FRA.22/00561 SUMA</Ustrd></RmtInf></DrctDbtTxInf><DrctDbtTxInf><PmtId><EndToEndId>B66260076MPV9F0IJ6K2T0000000598</EndToEndId></PmtId><InstdAmt Ccy="EUR">187.70</InstdAmt><DrctDbtTx><MndtRltdInf><MndtId>154</MndtId><DtOfSgntr>2022-12-01</DtOfSgntr></MndtRltdInf></DrctDbtTx><DbtrAgt><FinInstnId><BIC>BKBKESMMXXX</BIC></FinInstnId></DbtrAgt><Dbtr><Nm>DOLORS CELDRAN GONZALEZ</Nm></Dbtr><DbtrAcct><Id><IBAN>ES3901280532060100053842</IBAN></Id></DbtrAcct><RmtInf><Ustrd>FRA.22/00551 SUMA</Ustrd></RmtInf></DrctDbtTxInf><DrctDbtTxInf><PmtId><EndToEndId>B66260076MPV9F0IJ6K2T0000000593</EndToEndId></PmtId><InstdAmt Ccy="EUR">350.90</InstdAmt><DrctDbtTx><MndtRltdInf><MndtId>2412</MndtId><DtOfSgntr>2022-12-01</DtOfSgntr></MndtRltdInf></DrctDbtTx><DbtrAgt><FinInstnId><BIC>BSABESBBXXX</BIC></FinInstnId></DbtrAgt><Dbtr><Nm>APANEMI INVEST SL</Nm></Dbtr><DbtrAcct><Id><IBAN>ES4600815136760001885398</IBAN></Id></DbtrAcct><RmtInf><Ustrd>FRA.22/00539 SUMA</Ustrd></RmtInf></DrctDbtTxInf><DrctDbtTxInf><PmtId><EndToEndId>B66260076MPV9F0IJ6K2T0000000608</EndToEndId></PmtId><InstdAmt Ccy="EUR">363.00</InstdAmt><DrctDbtTx><MndtRltdInf><MndtId>2310</MndtId><DtOfSgntr>2022-12-01</DtOfSgntr></MndtRltdInf></DrctDbtTx><DbtrAgt><FinInstnId><BIC>BSABESBBXXX</BIC></FinInstnId></DbtrAgt><Dbtr><Nm>MIRAGE SOLUTIONS SL</Nm></Dbtr><DbtrAcct><Id><IBAN>ES4700810063240002220827</IBAN></Id></DbtrAcct><RmtInf><Ustrd>FRA.22/00565 SUMA</Ustrd></RmtInf></DrctDbtTxInf><DrctDbtTxInf><PmtId><EndToEndId>B66260076MPV9F0IJ6K2T0000000603</EndToEndId></PmtId><InstdAmt Ccy="EUR">726.00</InstdAmt><DrctDbtTx><MndtRltdInf><MndtId>74</MndtId><DtOfSgntr>2022-12-01</DtOfSgntr></MndtRltdInf></DrctDbtTx><DbtrAgt><FinInstnId><BIC>BSABESBBXXX</BIC></FinInstnId></DbtrAgt><Dbtr><Nm>FOOTBALL  RETAIL EXPERIENCES, S.L.</Nm></Dbtr><DbtrAcct><Id><IBAN>ES5100810088150002742776</IBAN></Id></DbtrAcct><RmtInf><Ustrd>FRA.22/00556 SUMA</Ustrd></RmtInf></DrctDbtTxInf><DrctDbtTxInf><PmtId><EndToEndId>B66260076MPV9F0IJ6K2T0000000604</EndToEndId></PmtId><InstdAmt Ccy="EUR">802.49</InstdAmt><DrctDbtTx><MndtRltdInf><MndtId>2312</MndtId><DtOfSgntr>2022-12-01</DtOfSgntr></MndtRltdInf></DrctDbtTx><DbtrAgt><FinInstnId><BIC>BSABESBBXXX</BIC></FinInstnId></DbtrAgt><Dbtr><Nm>GARRAF ESTATE SL</Nm></Dbtr><DbtrAcct><Id><IBAN>ES5400810063210002247232</IBAN></Id></DbtrAcct><RmtInf><Ustrd>FRA.22/00558 SUMA</Ustrd></RmtInf></DrctDbtTxInf><DrctDbtTxInf><PmtId><EndToEndId>B66260076MPV9F0IJ6K2T0000000591</EndToEndId></PmtId><InstdAmt Ccy="EUR">539.66</InstdAmt><DrctDbtTx><MndtRltdInf><MndtId>138</MndtId><DtOfSgntr>2022-12-01</DtOfSgntr></MndtRltdInf></DrctDbtTx><DbtrAgt><FinInstnId><BIC>CAIXESBBXXX</BIC></FinInstnId></DbtrAgt><Dbtr><Nm>ALEKTUM RECOBRO, S.L.</Nm></Dbtr><DbtrAcct><Id><IBAN>ES5721000194350200285085</IBAN></Id></DbtrAcct><RmtInf><Ustrd>FRA.22/00536 SUMA</Ustrd></RmtInf></DrctDbtTxInf><DrctDbtTxInf><PmtId><EndToEndId>B66260076MPV9F0IJ6K2T0000000597</EndToEndId></PmtId><InstdAmt Ccy="EUR">846.85</InstdAmt><DrctDbtTx><MndtRltdInf><MndtId>193</MndtId><DtOfSgntr>2022-12-01</DtOfSgntr></MndtRltdInf></DrctDbtTx><DbtrAgt><FinInstnId><BIC>CAIXESBBXXX</BIC></FinInstnId></DbtrAgt><Dbtr><Nm>BENIRAPLUS, S.L.</Nm></Dbtr><DbtrAcct><Id><IBAN>ES6421003674212200028545</IBAN></Id></DbtrAcct><RmtInf><Ustrd>FRA.22/00545 SUMA</Ustrd></RmtInf></DrctDbtTxInf><DrctDbtTxInf><PmtId><EndToEndId>B66260076MPV9F0IJ6K2T0000000616</EndToEndId></PmtId><InstdAmt Ccy="EUR">193.60</InstdAmt><DrctDbtTx><MndtRltdInf><MndtId>122</MndtId><DtOfSgntr>2022-12-01</DtOfSgntr></MndtRltdInf></DrctDbtTx><DbtrAgt><FinInstnId><BIC>BSABESBBXXX</BIC></FinInstnId></DbtrAgt><Dbtr><Nm>VITAMINA, S.L.</Nm></Dbtr><DbtrAcct><Id><IBAN>ES7500810105180001364238</IBAN></Id></DbtrAcct><RmtInf><Ustrd>FRA.22/00580 SUMA</Ustrd></RmtInf></DrctDbtTxInf><DrctDbtTxInf><PmtId><EndToEndId>B66260076MPV9F0IJ6K2T0000000611</EndToEndId></PmtId><InstdAmt Ccy="EUR">361.18</InstdAmt><DrctDbtTx><MndtRltdInf><MndtId>56</MndtId><DtOfSgntr>2022-12-01</DtOfSgntr></MndtRltdInf></DrctDbtTx><DbtrAgt><FinInstnId><BIC>BBVAESMMXXX</BIC></FinInstnId></DbtrAgt><Dbtr><Nm>RAINDROP CORPORATION, S.L.</Nm></Dbtr><DbtrAcct><Id><IBAN>ES8101823971290200235868</IBAN></Id></DbtrAcct><RmtInf><Ustrd>FRA.22/00571 SUMA</Ustrd></RmtInf></DrctDbtTxInf><DrctDbtTxInf><PmtId><EndToEndId>B66260076MPV9F0IJ6K2T0000000606</EndToEndId></PmtId><InstdAmt Ccy="EUR">367.84</InstdAmt><DrctDbtTx><MndtRltdInf><MndtId>2332</MndtId><DtOfSgntr>2022-12-01</DtOfSgntr></MndtRltdInf></DrctDbtTx><DbtrAgt><FinInstnId><BIC>CAZRES2ZXXX</BIC></FinInstnId></DbtrAgt><Dbtr><Nm>INSTITUTO DE ESTETICA AVANZADA IGU</Nm></Dbtr><DbtrAcct><Id><IBAN>ES9120858231100330228528</IBAN></Id></DbtrAcct><RmtInf><Ustrd>FRA.22/00563 SUMA</Ustrd></RmtInf></DrctDbtTxInf><DrctDbtTxInf><PmtId><EndToEndId>B66260076MPV9F0IJ6K2T0000000610</EndToEndId></PmtId><InstdAmt Ccy="EUR">65.34</InstdAmt><DrctDbtTx><MndtRltdInf><MndtId>145</MndtId><DtOfSgntr>2022-12-01</DtOfSgntr></MndtRltdInf></DrctDbtTx><DbtrAgt><FinInstnId><BIC>CAIXESBBXXX</BIC></FinInstnId></DbtrAgt><Dbtr><Nm>PASIFAE ECOTECH SL</Nm></Dbtr><DbtrAcct><Id><IBAN>ES9221000983000200107622</IBAN></Id></DbtrAcct><RmtInf><Ustrd>FRA.22/00568 SUMA</Ustrd></RmtInf></DrctDbtTxInf><DrctDbtTxInf><PmtId><EndToEndId>B66260076MPV9F0IJ6K2T0000000590</EndToEndId></PmtId><InstdAmt Ccy="EUR">314.60</InstdAmt><DrctDbtTx><MndtRltdInf><MndtId>49</MndtId><DtOfSgntr>2022-12-01</DtOfSgntr></MndtRltdInf></DrctDbtTx><DbtrAgt><FinInstnId><BIC>BSCHESMMXXX</BIC></FinInstnId></DbtrAgt><Dbtr><Nm>ACTUALIS,S.L.</Nm></Dbtr><DbtrAcct><Id><IBAN>ES9600494701832016048869</IBAN></Id></DbtrAcct><RmtInf><Ustrd>FRA.22/00535 SUMA</Ustrd></RmtInf></DrctDbtTxInf><DrctDbtTxInf><PmtId><EndToEndId>B66260076MPV9F0IJ6K2T0000000607</EndToEndId></PmtId><InstdAmt Ccy="EUR">1821.70</InstdAmt><DrctDbtTx><MndtRltdInf><MndtId>2266</MndtId><DtOfSgntr>2022-12-01</DtOfSgntr></MndtRltdInf></DrctDbtTx><DbtrAgt><FinInstnId><BIC>BSABESBBXXX</BIC></FinInstnId></DbtrAgt><Dbtr><Nm>KINGS ISLAND VENTURE S.L.</Nm></Dbtr><DbtrAcct><Id><IBAN>ES9600810065160002143219</IBAN></Id></DbtrAcct><RmtInf><Ustrd>FRA.22/00564 SUMA</Ustrd></RmtInf></DrctDbtTxInf><DrctDbtTxInf><PmtId><EndToEndId>B66260076MPV9F0IJ6K2T0000000596</EndToEndId></PmtId><InstdAmt Ccy="EUR">229.90</InstdAmt><DrctDbtTx><MndtRltdInf><MndtId>129</MndtId><DtOfSgntr>2022-12-01</DtOfSgntr></MndtRltdInf></DrctDbtTx><DbtrAgt><FinInstnId><BIC>CAIXESBBXXX</BIC></FinInstnId></DbtrAgt><Dbtr><Nm>BEE  BUTTERFLY CONSULTING, S.L.</Nm></Dbtr><DbtrAcct><Id><IBAN>ES9621000709210200484456</IBAN></Id></DbtrAcct><RmtInf><Ustrd>FRA.22/00544 SUMA</Ustrd></RmtInf></DrctDbtTxInf><DrctDbtTxInf><PmtId><EndToEndId>B66260076MPV9F0IJ6K2T0000000592</EndToEndId></PmtId><InstdAmt Ccy="EUR">750.20</InstdAmt><DrctDbtTx><MndtRltdInf><MndtId>92</MndtId><DtOfSgntr>2022-12-01</DtOfSgntr></MndtRltdInf></DrctDbtTx><DbtrAgt><FinInstnId><BIC>CAIXESBBXXX</BIC></FinInstnId></DbtrAgt><Dbtr><Nm>ALPIFY SOFTWARE, S.L.U.</Nm></Dbtr><DbtrAcct><Id><IBAN>ES9721001154660200090898</IBAN></Id></DbtrAcct><RmtInf><Ustrd>FRA.22/00537 SUMA</Ustrd></RmtInf></DrctDbtTxInf></PmtInf></CstmrDrctDbtInitn></Document>